Untuk setiap referensi, baris pertama (Newton1687) merupakan label dan baris-baris berikutnya
merupakan atribut dari referensi yang akan digunakan. Umumnya, format referensi berikut sudah
disediakan oleh penyedia sumber referensi secara online dan bisa langsung digunakan di sini.

Lihat https://www.bibtex.com/g/bibtex-format/ untuk informasi lebih lanjut mengenai format
BibTex yang digunakan pada file ini.

@article{Newton1687,
  author  = {I. {Newton}},
  journal = {Philosophiæ Naturalis Principia Mathematica},
  title   = {Axioms or Laws of Motion},
  year    = {1687}
}

@misc{SpaceXBlueprint,
  title   = {Space X Blueprint},
  year    = 2021,
  url     = {https://id.pinterest.com/pin/344032859037191430/},
  urldate = {2021-01-26}
}

@misc{DataKendaraanBermotor,
  title = {Perkembangan Jumlah Kendaraan Bermotor Menurut Jenis (Unit), 2018-2020},
  year  = {2022},
  month = {January},
  url   = {https://www.bps.go.id/indicator/17/57/1/jumlah-kendaraan-bermotor.html}
}

@misc{DataKecelakaanLaluLintas,
  title = {Jumlah Kecelakaan, Korban Mati, Luka Berat, Luka Ringan, dan Kerugian Materi 2017-2019},
  year  = {2021},
  month = {February},
  url   = {https://www.bps.go.id/indicator/17/513/1/jumlah-kecelakaan-korban-mati-luka-berat-luka-ringan-dan-kerugian-materi.html}
}

@article{9140431,
  author  = {Xiong, Zhongxia and Li, Ming and Ma, Yalong and Wu, Xinkai},
  journal = {IEEE Transactions on Intelligent Transportation Systems},
  title   = {Vehicle Re-Identification With Image Processing and Car-Following Model Using Multiple Surveillance Cameras From Urban Arterials},
  year    = {2021},
  volume  = {22},
  number  = {12},
  pages   = {7619-7630},
  doi     = {10.1109/TITS.2020.3006047}
}

@article{Xu2022,
  author    = {Dawai Xu and Yunfan Yang and Liehuang Zhu and Cheng Dai and Tianxin Chen and Jian Zhao},
  title     = {Vehicle Re-Identification System Based on Appearance Features},
  journal   = {Security and Communication Networks},
  year      = {2022},
  month     = {May},
  day       = {05},
  publisher = {Hindawi},
  volume    = {2022},
  pages     = {1833362}
}

@inproceedings{Wang2019vehicle,
  title     = {Vehicle Re-identification in Aerial Imagery : Dataset and Approach},
  author    = {Peng, Wang and Bingliang, Jiao and Lu, Yang and Shizhou, Zhang and Wei, Wei and Yanning, Zhang},
  booktitle = {Proc. IEEE Int. Conf. Comp. Vis.},
  year      = {2019}
} 

@article{UAV1,
  author = {Saroinsong, Hardy S. and  Poekoel, Vecky C. and Manembu, Pinrolinvic D.},
  title  = {Rancang Bangun Wahana Pesawat Tanpa Awak (Fixed Wing) Berbasis Ardupilot},
  year   = {2018},
  month  = {March},
  day    = {06},
  doi    = {https://doi.org/10.35793/jtek.7.1.2018.19195}
}


@misc{GoogleColab,
  title = {Google Colaboratory frequently asked questions},
  year  = {2022},
  url   = {https://research.google.com/colaboratory/faq.html}
}

@misc{VRAIDatasetGithub,
  title = {The VRAI Vehicle Re-identification Dataset},
  year  = {2020},
  url   = {https://github.com/JiaoBL1234/VRAI-Dataset}
}

@article{DeepLearningJWGPutra,
  author = {Putra, Jan Wira Gotama},
  title  = {Pengenalan Konsep Pembelajaran Mesin dan Deep Learning},
  year   = {2020},
  month  = {August},
  day    = {17}
}

@misc{CNNQolbiyatulLina,
  title = {Apa itu Convolutional Neural Network?},
  year  = {2019},
  month = {January},
  day   = {2},
  url   = {https://medium.com/@16611110/apa-itu-convolutional-neural-network-836f70b193a4}
}

@misc{GambarCNN,
  title = {Project Idea | Cat vs Dog Image Classifier using CNN implemented using Keras},
  year  = {2021},
  month = {July},
  day   = {9},
  url   = {https://www.geeksforgeeks.org/project-idea-cat-vs-dog-image-classifier-using-cnn-implemented-using-keras/}
}

@misc{GambarDeepLearning,
  title = {Deep Learning},
  url   = {https://www.databricks.com/de/glossary/deep-learning}
}

@book{MachineLearningAlpaydinEthem,
  author    = {Alpaydin, Ethem},
  publisher = {MIT Press},
  title     = {Introduction to Machine Learning},
  year      = {2014}
}

 @article{yang_huang_2021,
  title   = {A vehicle reidentification algorithm based on double-channel symmetrical CNN},
  volume  = {2021},
  doi     = {10.1155/2021/8899007},
  journal = {Advances in Multimedia},
  author  = {Yang, Lijun and Huang, Tangsen},
  year    = {2021},
  pages   = {1–6}
} 

@misc{UAV2,
  title  = {Apa saja Manfaat dan Penggunaan Drone Populer pada Masa kini?},
  author = {Adam Rizal},
  year   = {2021},
  month  = {July},
  day    = {3},
  url    = {https://infokomputer.grid.id/read/122770429/apa-saja-manfaat-dan-penggunaan-drone-populer-pada-masa-kini?page=all}
}

@inproceedings{CNN,
  author = {Bezdan, Timea and Bacanin, Nebojsa},
  year   = {2019},
  month  = {01},
  pages  = {445-451},
  title  = {Convolutional Neural Network Layers and Architectures},
  doi    = {10.15308/Sinteza-2019-445-451}
}
